@book{Belhoste1991,
  author    = {Bruno Belhoste},
  title     = {Augustin-Louis Cauchy: A Biography},
  publisher = {Springer-Verlag New York},
  year      = {1991},
}

@article{BorovikKatz2011,
  author    = {Alexandre Borovik and Mikhail G. Katz},
  title     = {Who Gave You the Cauchy-Weierstrass Tale? The Dual History of Rigorous Calculus},
  journal   = {Foundations of Science},
  volume    = {17},
  number    = {3},
  pages     = {245--276},
  year      = {2011},
  month     = aug,
  doi       = {10.1007/s10699-011-9235-x},
  url       = {http://dx.doi.org/10.1007/s10699-011-9235-x},
  publisher = {Springer Science and Business Media LLC},
}

@online{WeissteinComplexNumber,
  author    = {Eric W. Weisstein},
  title     = {Complex Number},
  year      = {n.d.},
  url       = {https://mathworld.wolfram.com/ComplexNumber.html},
  note      = {Accessed: March 3rd, 2024},
}

@book{LangComplexAnalysis1998,
  author    = {Serge Lang},
  title     = {Complex Analysis},
  series    = {Graduate Texts in Mathematics},
  edition   = {4th},
  publisher = {Springer},
  year      = {1998},
}

@misc{BerkeleyNotes,
  author    = {Arash},
  title     = {Lecture Notes on Complex Numbers},
  year      = {n.d.},
  url       = {https://math.berkeley.edu/~arash/54/notes/6_7.pdf},
  note      = {Accessed: March 3rd, 2024},
}
